@misc{EGL_Lidar,
title = {{LIDAR collection (QL2) for Erie, Genesee, and Livingston Counties New York Lidar; Classified Point Cloud}},
author = {{New York Office of Information Technology Services}},
year = {2019},
note = {{Retrieved from ftp://ftp.gis.ny.gov/elevation/LIDAR/NYSGPO_ErieGeneseeLivingston2019/} }
}

@Article{lidrRSE,
author = {{Jean-Romain} and {Roussel} and David Auty and Nicholas C. Coops and Piotr Tompalski and Tristan R.H. Goodbody and Andrew Sánchez Meador and Jean-François Bourdon and Florian {de Boissieu} and Alexis Achim},
title = {lidR: An R package for analysis of Airborne Laser Scanning (ALS) data},
journal = {Remote Sensing of Environment},
volume = {251},
pages = {112061},
year = {2020},
issn = {0034-4257},
doi = {10.1016/j.rse.2020.112061},
url = {https://www.sciencedirect.com/science/article/pii/S0034425720304314},
}
@Manual{lidrCRAN,
    title = {Airborne LiDAR Data Manipulation and Visualization for Forestry Applications},
    author = {Jean-Romain Roussel and David Auty},
    year = {2020},
    note = {R package version 3.0.5},
    url = {https://cran.r-project.org/package=lidR},
 }

 @Manual{Raster2021,
  title = {raster: Geographic Data Analysis and Modeling},
  author = {Robert J. Hijmans},
  year = {2021},
  note = {R package version 3.4-13},
  url = {https://CRAN.R-project.org/package=raster},
}

@misc{Heris2020a,
  doi = {10.5066/P9J2Y1WG},
  url = {https://www.sciencebase.gov/catalog/item/5d27a8dfe4b0941bde650fc7},
  author = {Pourpeikari Heris,  Mehdi and Foks,  Nathan and Bagstad,  Kenneth J and Troy,  Austin},
  keywords = {Geography,  Land Use Change,  Remote Sensing},
  title = {A national dataset of rasterized building footprints for the U.S.},
  publisher = {U.S. Geological Survey},
  year = {2020}
}
@article{Heris2020b,
  doi = {10.1038/s41597-020-0542-3},
  url = {https://doi.org/10.1038/s41597-020-0542-3},
  year = {2020},
  month = jun,
  publisher = {Springer Science and Business Media {LLC}},
  volume = {7},
  number = {1},
  author = {Mehdi P. Heris and Nathan Leon Foks and Kenneth J. Bagstad and Austin Troy and Zachary H. Ancona},
  title = {A rasterized building footprint dataset for the United States}
}

@article{Hosking1990,
 ISSN = {00359246},
 URL = {http://www.jstor.org/stable/2345653},
 author = {J. R. M. Hosking},
 journal = {Journal of the Royal Statistical Society. Series B (Methodological)},
 number = {1},
 pages = {105--124},
 publisher = {[Royal Statistical Society, Wiley]},
 title = {L-Moments: Analysis and Estimation of Distributions Using Linear Combinations of Order Statistics},
 volume = {52},
 year = {1990}
}

@misc{Bing,
author = {Bing Maps Team},
year = {2018},
title = {{Computer Generated Building Footprints for the United States.}},
publisher = {Microsoft},
}

@misc{Microsoft,
author = {Microsoft},
year = {2018},
title = {{US Building Footprints.}},
publisher = {Microsoft},
}

@article{Huang2019,
	doi = {10.1088/1748-9326/ab2917},
	url = {https://doi.org/10.1088/1748-9326/ab2917},
	year = 2019,
	month = {aug},
	publisher = {{IOP} Publishing},
	volume = {14},
	number = {9},
	pages = {095002},
	author = {Wenli Huang and Katelyn Dolan and Anu Swatantran and Kristofer Johnson and Hao Tang and Jarlath O'Neil-Dunne and Ralph Dubayah and George Hurtt},
	title = {High-resolution mapping of aboveground biomass for forest carbon monitoring system in the Tri-State region of Maryland, Pennsylvania and Delaware, {USA}},
	journal = {Environmental Research Letters}
}
@article{Pflugmacher2014,
title = {Using Landsat-derived disturbance and recovery history and lidar to map forest biomass dynamics},
journal = {Remote Sensing of Environment},
volume = {151},
pages = {124-137},
year = {2014},
note = {Special Issue on 2012 ForestSAT},
issn = {0034-4257},
doi = {10.1016/j.rse.2013.05.033},
url = {https://www.sciencedirect.com/science/article/pii/S0034425713003489},
author = {Dirk Pflugmacher and Warren B. Cohen and Robert E. Kennedy and Zhiqiang Yang},
keywords = {Landsat, Time series, Forest disturbance, Biomass, Carbon, Lidar, Tasseled cap, LandTrendr}
}

@article{Hawbaker2010,
    author = {Hawbaker, Todd J. and Gobakken, Terje and Lesak, Adrian and Trømborg, Eric and Contrucci, Kirk and Radeloff, Volker},
    title = "{Light Detection and Ranging-Based Measures of Mixed Hardwood Forest Structure}",
    journal = {Forest Science},
    volume = {56},
    number = {3},
    pages = {313-326},
    year = {2010},
    month = {06},
    issn = {0015-749X},
    doi = {10.1093/forestscience/56.3.313},
    url = {https://doi.org/10.1093/forestscience/56.3.313},
}

@Manual{RCore,
    title = {R: A Language and Environment for Statistical Computing},
    author = {{R Core Team}},
    organization = {R Foundation for Statistical Computing},
    address = {Vienna, Austria},
    year = {2021},
    url = {https://www.R-project.org/},
  }

  @article{Wright2017,
   author = {Marvin N. Wright and Andreas Ziegler},
   title = {ranger: A Fast Implementation of Random Forests for High Dimensional Data in C++ and R},
   journal = {Journal of Statistical Software, Articles},
   volume = {77},
   number = {1},
   year = {2017},
   keywords = {C++; classification; machine learning; R; random forests; Rcpp; recursive partitioning; survival analysis},
   issn = {1548-7660},
   pages = {1--17},
   doi = {10.18637/jss.v077.i01},
   url = {https://www.jstatsoft.org/v077/i01}
}

@Manual{Guolin2021,
    title = {lightgbm: Light Gradient Boosting Machine},
    author = {Guolin Ke and Damien Soukhavong and James Lamb and Qi Meng and Thomas Finley and Taifeng Wang and Wei Chen and Weidong Ma and Qiwei Ye and Tie-Yan Liu},
    year = {2021},
    note = {R package version 3.2.1},
    url = {https://CRAN.R-project.org/package=lightgbm},
  }

  @Manual{caret,
    title = {caret: Classification and Regression Training},
    author = {Max Kuhn},
    year = {2021},
    note = {R package version 6.0-88},
    url = {https://CRAN.R-project.org/package=caret},
  }
   @Article{pROC,
    title = {pROC: an open-source package for R and S+ to analyze and compare ROC curves},
    author = {Xavier Robin and Natacha Turck and Alexandre Hainard and Natalia Tiberti and Frédérique Lisacek and Jean-Charles Sanchez and Markus Müller},
    year = {2011},
    journal = {BMC Bioinformatics},
    volume = {12},
    pages = {77},
  }

 @Book{ggplot2,
    author = {Hadley Wickham},
    title = {ggplot2: Elegant Graphics for Data Analysis},
    publisher = {Springer-Verlag New York},
    year = {2016},
    isbn = {978-3-319-24277-4},
    url = {https://ggplot2.tidyverse.org},
  }

  @Book{rmd_cook,
    title = {R Markdown Cookbook},
    author = {Yihui Xie and Christophe Dervieux and Emily Riederer},
    publisher = {Chapman and Hall/CRC},
    address = {Boca Raton, Florida},
    year = {2020},
    note = {ISBN 9780367563837},
    url = {https://bookdown.org/yihui/rmarkdown-cookbook},
  }
  @Book{rmd_guide,
    title = {R Markdown: The Definitive Guide},
    author = {Yihui Xie and J.J. Allaire and Garrett Grolemund},
    publisher = {Chapman and Hall/CRC},
    address = {Boca Raton, Florida},
    year = {2018},
    note = {ISBN 9781138359338},
    url = {https://bookdown.org/yihui/rmarkdown},
  }

  @Manual{rmd_man,
    title = {rmarkdown: Dynamic Documents for R},
    author = {JJ Allaire and Yihui Xie and Jonathan McPherson and Javier Luraschi and Kevin Ushey and Aron Atkins and Hadley Wickham and Joe Cheng and Winston Chang and Richard Iannone},
    year = {2021},
    note = {R package version 2.10},
    url = {https://github.com/rstudio/rmarkdown},
  }

 @Manual{dplyr,
    title = {dplyr: A Grammar of Data Manipulation},
    author = {Hadley Wickham and Romain François and Lionel Henry and Kirill Müller},
    year = {2021},
    note = {R package version 1.0.7},
    url = {https://CRAN.R-project.org/package=dplyr},
  }

  @Manual{tidyselect,
    title = {tidyselect: Select from a Set of Strings},
    author = {Lionel Henry and Hadley Wickham},
    year = {2021},
    note = {R package version 1.1.1},
    url = {https://CRAN.R-project.org/package=tidyselect},
  }

 @Manual{kbl,
    title = {kableExtra: Construct Complex Table with 'kable' and Pipe Syntax},
    author = {Hao Zhu},
    year = {2021},
    note = {http://haozhu233.github.io/kableExtra/,
https://github.com/haozhu233/kableExtra},
  }

  @article{Dormann2018,
author = {Dormann, Carsten F. and Calabrese, Justin M. and Guillera-Arroita, Gurutzeta and Matechou, Eleni and Bahn, Volker and Bartoń, Kamil and Beale, Colin M. and Ciuti, Simone and Elith, Jane and Gerstner, Katharina and Guelat, Jérôme and Keil, Petr and Lahoz-Monfort, José J. and Pollock, Laura J. and Reineking, Björn and Roberts, David R. and Schröder, Boris and Thuiller, Wilfried and Warton, David I. and Wintle, Brendan A. and Wood, Simon N. and Wüest, Rafael O. and Hartig, Florian},
title = {Model averaging in ecology: a review of Bayesian, information-theoretic, and tactical approaches for predictive inference},
journal = {Ecological Monographs},
volume = {88},
number = {4},
pages = {485-504},
keywords = {AIC weights, ensemble, model averaging, model combination, nominal coverage, prediction averaging, uncertainty},
doi = {10.1002/ecm.1309},
url = {https://esajournals.onlinelibrary.wiley.com/doi/abs/10.1002/ecm.1309},
eprint = {https://esajournals.onlinelibrary.wiley.com/doi/pdf/10.1002/ecm.1309},
year = {2018}
}

@article{Stehman2019,
  doi = {10.1016/j.rse.2019.05.018},
  url = {https://doi.org/10.1016/j.rse.2019.05.018},
  year = {2019},
  month = sep,
  publisher = {Elsevier {BV}},
  volume = {231},
  pages = {111199},
  author = {Stephen V. Stehman and Giles M. Foody},
  title = {Key issues in rigorous accuracy assessment of land cover products}
}

@article{Huang2019,
  doi = {10.1088/1748-9326/ab2917},
  url = {https://doi.org/10.1088/1748-9326/ab2917},
  year = 2019,
  month = {aug},
  publisher = {{IOP} Publishing},
  volume = {14},
  number = {9},
  pages = {095002},
  author = {Wenli Huang and Katelyn Dolan and Anu Swatantran and Kristofer Johnson and Hao Tang and Jarlath O'Neil-Dunne and Ralph Dubayah and George Hurtt},
  title = {High-resolution mapping of aboveground biomass for forest carbon monitoring system in the Tri-State region of Maryland, Pennsylvania and Delaware, {USA}},
  journal = {Environmental Research Letters}
}

@article{Jarlath2013,
  title={An object-based system for LiDAR data fusion and feature extraction},
  author={O'Neil-Dunne, Jarlath PM and MacFaden, Sean W and Royar, Anna R and Pelletier, Keith C},
  journal={Geocarto International},
  volume={28},
  number={3},
  pages={227--242},
  year={2013},
  publisher={Taylor \& Francis}
}

@article{Jarlath2014,
  title={A versatile, production-oriented approach to high-resolution tree-canopy mapping in urban and suburban landscapes using GEOBIA and data fusion},
  author={O'Neil-Dunne, Jarlath PM and MacFaden, Sean W and Royar, Anna R},
  journal={Remote sensing},
  volume={6},
  number={12},
  pages={12837--12865},
  year={2014},
  publisher={Multidisciplinary Digital Publishing Institute}
}

@inproceedings{Chen2016,
  doi = {10.1109/igarss.2016.7730157},
  url = {https://doi.org/10.1109/igarss.2016.7730157},
  year = {2016},
  month = jul,
  publisher = {{IEEE}},
  author = {Qi Chen and Ronald McRoberts},
  title = {Statewide mapping and estimation of vegetation aboveground biomass using airborne lidar},
  booktitle = {2016 {IEEE} International Geoscience and Remote Sensing Symposium ({IGARSS})}
}


@article{Hurtt2019,
  doi = {10.1088/1748-9326/ab0bbe},
  url = {https://doi.org/10.1088/1748-9326/ab0bbe},
  year = 2019,
  month = {apr},
  publisher = {{IOP} Publishing},
  volume = {14},
  number = {4},
  pages = {045013},
  author = {G Hurtt and M Zhao and R Sahajpal and A Armstrong and R Birdsey and E Campbell and K Dolan and R Dubayah and J P Fisk and S Flanagan and C Huang and W Huang and K Johnson and R Lamb and L Ma and R Marks and D O'Leary and J O'Neil-Dunne and A Swatantran and H Tang},
  title = {Beyond {MRV}: high-resolution forest carbon modeling for climate mitigation planning over Maryland, {USA}},
  journal = {Environmental Research Letters}
}

@article{Gray2012,
  title={Forest inventory and analysis database of the United States of America (FIA)},
  author={Andrew N Gray and Thomas J Brandeis and John D Shaw and William H McWilliams and Patrick Miles},
  journal={Biodiversity and Ecology},
  volume={4},
  pages={225-231},
  year={2012},
  doi={10.7809/b-e.00079},
  url={https://www.fs.usda.gov/treesearch/pubs/42183}
}

@article{Perry2008,
  doi = {10.1007/s10457-008-9125-6},
  url = {https://doi.org/10.1007/s10457-008-9125-6},
  year = {2008},
  month = mar,
  publisher = {Springer Science and Business Media {LLC}},
  volume = {75},
  number = {1},
  pages = {91--101},
  author = {C. H. Perry and C. W. Woodall and G. C. Liknes and M. M. Schoeneberger},
  title = {Filling the gap: improving estimates of working tree resources in agricultural landscapes},
  journal = {Agroforestry Systems}
}

@article{Johnson2014,
  doi = {10.1186/1750-0680-9-3},
  url = {https://doi.org/10.1186/1750-0680-9-3},
  year = {2014},
  month = may,
  publisher = {Springer Science and Business Media {LLC}},
  volume = {9},
  number = {1},
  author = {Kristofer D Johnson and Richard Birdsey and Andrew O Finley and Anu Swantaran and Ralph Dubayah and Craig Wayson and Rachel Riemann},
  title = {Integrating forest inventory and analysis data into a {LIDAR}-based carbon monitoring system},
  journal = {Carbon Balance and Management}
}


@article{Meneguzzo2012,
  doi = {10.1007/s10661-012-3022-1},
  url = {https://doi.org/10.1007/s10661-012-3022-1},
  year = {2012},
  month = dec,
  publisher = {Springer Science and Business Media {LLC}},
  volume = {185},
  number = {8},
  pages = {6261--6275},
  author = {Dacia M. Meneguzzo and Greg C. Liknes and Mark D. Nelson},
  title = {Mapping trees outside forests using high-resolution aerial imagery: a comparison of pixel- and object-based classification approaches},
  journal = {Environmental Monitoring and Assessment}
}

@article{Hosking1990,
 ISSN = {00359246},
 URL = {http://www.jstor.org/stable/2345653},
 author = {J. R. M. Hosking},
 journal = {Journal of the Royal Statistical Society. Series B (Methodological)},
 number = {1},
 pages = {105--124},
 publisher = {[Royal Statistical Society, Wiley]},
 title = {L-Moments: Analysis and Estimation of Distributions Using Linear Combinations of Order Statistics},
 volume = {52},
 year = {1990}
}